<?xml version="1.0" encoding="UTF-8"?>
  <record xmlns="http://www.loc.gov/MARC21/slim" type="Authority">
    <leader>00000nz  a2200000nc 4500</leader>
    <controlfield tag="001">118975560</controlfield>
    <controlfield tag="003">DE-101</controlfield>
    <controlfield tag="005">20220310174251.0</controlfield>
    <controlfield tag="008">910604n||azznnaabn           | aaa    |c</controlfield>
    <datafield tag="024" ind1="7" ind2=" ">
      <subfield code="a">118975560</subfield>
      <subfield code="0">http://d-nb.info/gnd/118975560</subfield>
      <subfield code="2">gnd</subfield>
    </datafield>
    <datafield tag="035" ind1=" " ind2=" ">
      <subfield code="a">(DE-101)118975560</subfield>
    </datafield>
    <datafield tag="035" ind1=" " ind2=" ">
      <subfield code="a">(DE-588)118975560</subfield>
    </datafield>
    <datafield tag="035" ind1=" " ind2=" ">
      <subfield code="z">(DE-588a)118975560</subfield>
      <subfield code="9">v:zg</subfield>
    </datafield>
    <datafield tag="035" ind1=" " ind2=" ">
      <subfield code="z">(DE-588a)119879867</subfield>
    </datafield>
    <datafield tag="035" ind1=" " ind2=" ">
      <subfield code="z">(DE-588c)4259582-4</subfield>
      <subfield code="9">v:zg</subfield>
    </datafield>
    <datafield tag="040" ind1=" " ind2=" ">
      <subfield code="a">DE-12</subfield>
      <subfield code="c">DE-12</subfield>
      <subfield code="9">r:DE-12</subfield>
      <subfield code="b">ger</subfield>
      <subfield code="d">9999</subfield>
    </datafield>
    <datafield tag="042" ind1=" " ind2=" ">
      <subfield code="a">gnd1</subfield>
    </datafield>
    <datafield tag="043" ind1=" " ind2=" ">
      <subfield code="c">XA-HR</subfield>
    </datafield>
    <datafield tag="065" ind1=" " ind2=" ">
      <subfield code="a">16.1p</subfield>
      <subfield code="2">sswd</subfield>
    </datafield>
    <datafield tag="075" ind1=" " ind2=" ">
      <subfield code="b">p</subfield>
      <subfield code="2">gndgen</subfield>
    </datafield>
    <datafield tag="075" ind1=" " ind2=" ">
      <subfield code="b">piz</subfield>
      <subfield code="2">gndspec</subfield>
    </datafield>
    <datafield tag="079" ind1=" " ind2=" ">
      <subfield code="a">g</subfield>
      <subfield code="q">s</subfield>
      <subfield code="q">a</subfield>
      <subfield code="q">f</subfield>
      <subfield code="q">e</subfield>
      <subfield code="u">v</subfield>
      <subfield code="u">w</subfield>
    </datafield>
    <datafield tag="100" ind1="1" ind2=" ">
      <subfield code="a">Georgijević, Bartolomej</subfield>
      <subfield code="d">1510-1566</subfield>
    </datafield>
    <datafield tag="400" ind1="1" ind2=" ">
      <subfield code="a">Georgiević, Bartholomäus</subfield>
      <subfield code="d">1510-1566</subfield>
    </datafield>
    <datafield tag="400" ind1="1" ind2=" ">
      <subfield code="a">Georgievič, Bartholomeo</subfield>
      <subfield code="d">1510-1566</subfield>
    </datafield>
    <datafield tag="400" ind1="1" ind2=" ">
      <subfield code="a">Gjorgjević, Bartholomaeus</subfield>
      <subfield code="d">1510-1566</subfield>
    </datafield>
    <datafield tag="400" ind1="1" ind2=" ">
      <subfield code="a">Gjurgjevics, Bertalan</subfield>
      <subfield code="d">1510-1566</subfield>
    </datafield>
    <datafield tag="400" ind1="1" ind2=" ">
      <subfield code="a">Georgevic, Bartolomej</subfield>
      <subfield code="d">1510-1566</subfield>
    </datafield>
    <datafield tag="400" ind1="1" ind2=" ">
      <subfield code="a">Đurđević, Bartolomej</subfield>
      <subfield code="d">1510-1566</subfield>
    </datafield>
    <datafield tag="400" ind1="1" ind2=" ">
      <subfield code="a">Dordević, Bartolomej</subfield>
      <subfield code="d">1510-1566</subfield>
    </datafield>
    <datafield tag="400" ind1="1" ind2=" ">
      <subfield code="a">Đurđević, Bartol</subfield>
      <subfield code="d">1510-1566</subfield>
    </datafield>
    <datafield tag="400" ind1="1" ind2=" ">
      <subfield code="a">Georgi, Bartholomaeus</subfield>
      <subfield code="d">1510-1566</subfield>
    </datafield>
    <datafield tag="400" ind1="1" ind2=" ">
      <subfield code="a">Georgijević, Bartholomaeus</subfield>
      <subfield code="d">1510-1566</subfield>
    </datafield>
    <datafield tag="400" ind1="1" ind2=" ">
      <subfield code="a">Georgievicz, Bartholomaeus</subfield>
      <subfield code="d">1510-1566</subfield>
    </datafield>
    <datafield tag="400" ind1="1" ind2=" ">
      <subfield code="a">Georgieviz, Bartholomaeus</subfield>
      <subfield code="d">1510-1566</subfield>
    </datafield>
    <datafield tag="400" ind1="1" ind2=" ">
      <subfield code="a">Georgius, Bartholomaeus</subfield>
      <subfield code="d">1510-1566</subfield>
    </datafield>
    <datafield tag="400" ind1="1" ind2=" ">
      <subfield code="a">Gorgévic, Bartholomaeus</subfield>
      <subfield code="d">1510-1566</subfield>
    </datafield>
    <datafield tag="400" ind1="1" ind2=" ">
      <subfield code="a">Georgievitz, Bartholomäus</subfield>
      <subfield code="d">1510-1566</subfield>
    </datafield>
    <datafield tag="400" ind1="1" ind2=" ">
      <subfield code="a">Georgievitz, Bartolomeo</subfield>
      <subfield code="d">1510-1566</subfield>
    </datafield>
    <datafield tag="400" ind1="1" ind2=" ">
      <subfield code="a">Georgi Vits, Bartholomaeus</subfield>
      <subfield code="d">1510-1566</subfield>
    </datafield>
    <datafield tag="400" ind1="1" ind2=" ">
      <subfield code="a">Georgi-Vits, Bartholomaeus</subfield>
      <subfield code="d">1510-1566</subfield>
    </datafield>
    <datafield tag="400" ind1="1" ind2=" ">
      <subfield code="a">Vits, Bartholomaeus Georgi</subfield>
      <subfield code="d">1510-1566</subfield>
    </datafield>
    <datafield tag="400" ind1="0" ind2=" ">
      <subfield code="a">Vits Bartholomaeus Georgus</subfield>
      <subfield code="d">1510-1566</subfield>
    </datafield>
    <datafield tag="400" ind1="1" ind2=" ">
      <subfield code="a">Georgieuits, Bartholomaeus</subfield>
      <subfield code="d">1510-1566</subfield>
    </datafield>
    <datafield tag="400" ind1="1" ind2=" ">
      <subfield code="a">Georgyevic, Bartholomaeus</subfield>
      <subfield code="d">1510-1566</subfield>
    </datafield>
    <datafield tag="400" ind1="0" ind2=" ">
      <subfield code="a">Georgijević</subfield>
      <subfield code="d">1510-1566</subfield>
    </datafield>
    <datafield tag="400" ind1="0" ind2=" ">
      <subfield code="a">Đorđević</subfield>
      <subfield code="d">1510-1566</subfield>
    </datafield>
    <datafield tag="400" ind1="0" ind2=" ">
      <subfield code="a">Giorgijević</subfield>
      <subfield code="d">1510-1566</subfield>
    </datafield>
    <datafield tag="400" ind1="0" ind2=" ">
      <subfield code="a">Gyorgyevicz</subfield>
      <subfield code="d">1510-1566</subfield>
    </datafield>
    <datafield tag="400" ind1="0" ind2=" ">
      <subfield code="a">Jurjević</subfield>
      <subfield code="d">1510-1566</subfield>
    </datafield>
    <datafield tag="400" ind1="1" ind2=" ">
      <subfield code="a">Gyurgyevics, Bertalan</subfield>
      <subfield code="d">1510-1566</subfield>
    </datafield>
    <datafield tag="400" ind1="1" ind2=" ">
      <subfield code="a">Georgiewitz, Bartholomeus</subfield>
      <subfield code="d">1510-1566</subfield>
    </datafield>
    <datafield tag="400" ind1="1" ind2=" ">
      <subfield code="a">Geor., Barpt.</subfield>
      <subfield code="d">1510-1566</subfield>
    </datafield>
    <datafield tag="400" ind1="1" ind2=" ">
      <subfield code="a">Georgen Witzen, Bartholomeus</subfield>
      <subfield code="d">1510-1566</subfield>
    </datafield>
    <datafield tag="400" ind1="1" ind2=" ">
      <subfield code="a">Witz, Bartholomeus Georg</subfield>
      <subfield code="d">1510-1566</subfield>
    </datafield>
    <datafield tag="400" ind1="1" ind2=" ">
      <subfield code="a">Georgevic, Bartholomaeus</subfield>
      <subfield code="d">1510-1566</subfield>
    </datafield>
    <datafield tag="400" ind1="1" ind2=" ">
      <subfield code="a">Georgewyts, Bartholomaeus</subfield>
      <subfield code="d">1510-1566</subfield>
    </datafield>
    <datafield tag="400" ind1="1" ind2=" ">
      <subfield code="a">Georgievitz, Bartholomaeus</subfield>
      <subfield code="d">1510-1566</subfield>
    </datafield>
    <datafield tag="400" ind1="1" ind2=" ">
      <subfield code="a">Georgijevic, Bartholomaeus</subfield>
      <subfield code="d">1510-1566</subfield>
    </datafield>
    <datafield tag="400" ind1="1" ind2=" ">
      <subfield code="a">Georgivits, Bartholomaeus</subfield>
      <subfield code="d">1510-1566</subfield>
    </datafield>
    <datafield tag="400" ind1="1" ind2=" ">
      <subfield code="a">Georgievics, Bartolomeo</subfield>
      <subfield code="d">1510-1566</subfield>
    </datafield>
    <datafield tag="400" ind1="1" ind2=" ">
      <subfield code="a">Georgieuics, Bartolomeo</subfield>
      <subfield code="d">1510-1566</subfield>
    </datafield>
    <datafield tag="400" ind1="1" ind2=" ">
      <subfield code="a">Georgievics, Bartholomeus</subfield>
      <subfield code="d">1510-1566</subfield>
    </datafield>
    <datafield tag="400" ind1="1" ind2=" ">
      <subfield code="a">Georgieuics, Bartholomeus</subfield>
      <subfield code="d">1510-1566</subfield>
    </datafield>
    <datafield tag="400" ind1="1" ind2=" ">
      <subfield code="a">Gjorgjevic, Bartholomaeus</subfield>
      <subfield code="d">1510-1566</subfield>
    </datafield>
    <datafield tag="400" ind1="1" ind2=" ">
      <subfield code="a">Georgievits, Bartholomaeus</subfield>
      <subfield code="d">1510-1566</subfield>
    </datafield>
    <datafield tag="400" ind1="1" ind2=" ">
      <subfield code="a">Georgijevic, Bartolomej</subfield>
      <subfield code="d">1510-1566</subfield>
    </datafield>
    <datafield tag="400" ind1="1" ind2=" ">
      <subfield code="a">Gyurgievits, Bartholomaeus</subfield>
      <subfield code="d">1510-1566</subfield>
    </datafield>
    <datafield tag="500" ind1="1" ind2=" ">
      <subfield code="0">(DE-101)129847062</subfield>
      <subfield code="0">(DE-588)129847062</subfield>
      <subfield code="0">https://d-nb.info/gnd/129847062</subfield>
      <subfield code="a">Godelevaeus, Wilhelm</subfield>
      <subfield code="4">beza</subfield>
      <subfield code="4">https://d-nb.info/standards/elementset/gnd#acquaintanceshipOrFriendship</subfield>
      <subfield code="w">r</subfield>
      <subfield code="i">Bekanntschaft</subfield>
      <subfield code="e">Bekanntschaft</subfield>
      <subfield code="9">v:VD-16 Mitverf.</subfield>
    </datafield>
    <datafield tag="500" ind1="1" ind2=" ">
      <subfield code="a">Müller, Heinrich</subfield>
      <subfield code="4">beza</subfield>
      <subfield code="4">https://d-nb.info/standards/elementset/gnd#acquaintanceshipOrFriendship</subfield>
      <subfield code="w">r</subfield>
      <subfield code="i">Bekanntschaft</subfield>
      <subfield code="e">Bekanntschaft</subfield>
      <subfield code="9">v:Jurist; VD-16 Mitverf.</subfield>
    </datafield>
    <datafield tag="500" ind1="1" ind2=" ">
      <subfield code="0">(DE-101)128884967</subfield>
      <subfield code="0">(DE-588)128884967</subfield>
      <subfield code="0">https://d-nb.info/gnd/128884967</subfield>
      <subfield code="a">Höniger, Nikolaus</subfield>
      <subfield code="d">1548-1598</subfield>
      <subfield code="4">beza</subfield>
      <subfield code="4">https://d-nb.info/standards/elementset/gnd#acquaintanceshipOrFriendship</subfield>
      <subfield code="w">r</subfield>
      <subfield code="i">Bekanntschaft</subfield>
      <subfield code="e">Bekanntschaft</subfield>
      <subfield code="9">v:VD-16 Mitverf.</subfield>
    </datafield>
    <datafield tag="500" ind1="1" ind2=" ">
      <subfield code="a">Menavino, Giovanni Antonio</subfield>
      <subfield code="4">beza</subfield>
      <subfield code="4">https://d-nb.info/standards/elementset/gnd#acquaintanceshipOrFriendship</subfield>
      <subfield code="w">r</subfield>
      <subfield code="i">Bekanntschaft</subfield>
      <subfield code="e">Bekanntschaft</subfield>
      <subfield code="9">v:VD-16 Mitverf.</subfield>
    </datafield>
    <datafield tag="500" ind1="1" ind2=" ">
      <subfield code="0">(DE-101)119764881</subfield>
      <subfield code="0">(DE-588)119764881</subfield>
      <subfield code="0">https://d-nb.info/gnd/119764881</subfield>
      <subfield code="a">Modesti, Philipp</subfield>
      <subfield code="4">beza</subfield>
      <subfield code="4">https://d-nb.info/standards/elementset/gnd#acquaintanceshipOrFriendship</subfield>
      <subfield code="w">r</subfield>
      <subfield code="i">Bekanntschaft</subfield>
      <subfield code="e">Bekanntschaft</subfield>
      <subfield code="9">v:VD-16 Mitverf.</subfield>
    </datafield>
    <datafield tag="500" ind1="1" ind2=" ">
      <subfield code="0">(DE-101)100752543</subfield>
      <subfield code="0">(DE-588)100752543</subfield>
      <subfield code="0">https://d-nb.info/gnd/100752543</subfield>
      <subfield code="a">Geuffroy, Antoine</subfield>
      <subfield code="d">ca. 16. Jh.</subfield>
      <subfield code="4">beza</subfield>
      <subfield code="4">https://d-nb.info/standards/elementset/gnd#acquaintanceshipOrFriendship</subfield>
      <subfield code="w">r</subfield>
      <subfield code="i">Bekanntschaft</subfield>
      <subfield code="e">Bekanntschaft</subfield>
      <subfield code="9">v:VD-16 Mitverf.</subfield>
    </datafield>
    <datafield tag="500" ind1="1" ind2=" ">
      <subfield code="0">(DE-101)116170638</subfield>
      <subfield code="0">(DE-588)116170638</subfield>
      <subfield code="0">https://d-nb.info/gnd/116170638</subfield>
      <subfield code="a">Bibliander, Theodor</subfield>
      <subfield code="d">1504-1564</subfield>
      <subfield code="4">beza</subfield>
      <subfield code="4">https://d-nb.info/standards/elementset/gnd#acquaintanceshipOrFriendship</subfield>
      <subfield code="w">r</subfield>
      <subfield code="i">Bekanntschaft</subfield>
      <subfield code="e">Bekanntschaft</subfield>
      <subfield code="9">v:VD-16 Mitverf.</subfield>
    </datafield>
    <datafield tag="500" ind1="1" ind2=" ">
      <subfield code="0">(DE-101)118660047</subfield>
      <subfield code="0">(DE-588)118660047</subfield>
      <subfield code="0">https://d-nb.info/gnd/118660047</subfield>
      <subfield code="a">Breydenbach, Bernhard &#152;von&#156;</subfield>
      <subfield code="d">1440-1497</subfield>
      <subfield code="4">beza</subfield>
      <subfield code="4">https://d-nb.info/standards/elementset/gnd#acquaintanceshipOrFriendship</subfield>
      <subfield code="w">r</subfield>
      <subfield code="i">Bekanntschaft</subfield>
      <subfield code="e">Bekanntschaft</subfield>
      <subfield code="9">v:VD-16 Mitverf.</subfield>
    </datafield>
    <datafield tag="500" ind1="1" ind2=" ">
      <subfield code="0">(DE-101)118896393</subfield>
      <subfield code="0">(DE-588)118896393</subfield>
      <subfield code="0">https://d-nb.info/gnd/118896393</subfield>
      <subfield code="a">Emili, Paolo</subfield>
      <subfield code="d">1460-1529</subfield>
      <subfield code="4">beza</subfield>
      <subfield code="4">https://d-nb.info/standards/elementset/gnd#acquaintanceshipOrFriendship</subfield>
      <subfield code="w">r</subfield>
      <subfield code="i">Bekanntschaft</subfield>
      <subfield code="e">Bekanntschaft</subfield>
      <subfield code="9">v:VD-16 Mitverf.</subfield>
    </datafield>
    <datafield tag="500" ind1="1" ind2=" ">
      <subfield code="0">(DE-101)119879026</subfield>
      <subfield code="0">(DE-588)119879026</subfield>
      <subfield code="0">https://d-nb.info/gnd/119879026</subfield>
      <subfield code="a">Zschorn, Johannes</subfield>
      <subfield code="d">15XX-1XXX</subfield>
      <subfield code="4">beza</subfield>
      <subfield code="4">https://d-nb.info/standards/elementset/gnd#acquaintanceshipOrFriendship</subfield>
      <subfield code="w">r</subfield>
      <subfield code="i">Bekanntschaft</subfield>
      <subfield code="e">Bekanntschaft</subfield>
      <subfield code="9">v:VD-16 Mitverf.</subfield>
    </datafield>
    <datafield tag="548" ind1=" " ind2=" ">
      <subfield code="a">1510-1566</subfield>
      <subfield code="4">datl</subfield>
      <subfield code="4">https://d-nb.info/standards/elementset/gnd#dateOfBirthAndDeath</subfield>
      <subfield code="w">r</subfield>
      <subfield code="i">Lebensdaten</subfield>
      <subfield code="9">v:Lebensdaten ca.</subfield>
    </datafield>
    <datafield tag="550" ind1=" " ind2=" ">
      <subfield code="0">(DE-101)94798626X</subfield>
      <subfield code="0">(DE-588)4415844-0</subfield>
      <subfield code="0">https://d-nb.info/gnd/4415844-0</subfield>
      <subfield code="a">Orientalist</subfield>
      <subfield code="4">berc</subfield>
      <subfield code="4">https://d-nb.info/standards/elementset/gnd#professionOrOccupation</subfield>
      <subfield code="w">r</subfield>
      <subfield code="i">Charakteristischer Beruf</subfield>
    </datafield>
    <datafield tag="667" ind1=" " ind2=" ">
      <subfield code="a">12</subfield>
    </datafield>
    <datafield tag="667" ind1=" " ind2=" ">
      <subfield code="a">7</subfield>
    </datafield>
    <datafield tag="667" ind1=" " ind2=" ">
      <subfield code="a">VD-17</subfield>
    </datafield>
    <datafield tag="667" ind1=" " ind2=" ">
      <subfield code="a">VD-16</subfield>
    </datafield>
    <datafield tag="667" ind1=" " ind2=" ">
      <subfield code="a">Red. SSG</subfield>
    </datafield>
    <datafield tag="670" ind1=" " ind2=" ">
      <subfield code="a">LCAuth</subfield>
    </datafield>
    <datafield tag="672" ind1=" " ind2="0">
      <subfield code="a">De afflictione tam captivorum quam etiam sub Turca tributo viven*</subfield>
      <subfield code="f">1544</subfield>
    </datafield>
    <datafield tag="672" ind1=" " ind2="0">
      <subfield code="a">De Turcarum ritu et ceremoniis</subfield>
      <subfield code="f">1544</subfield>
    </datafield>
    <datafield tag="672" ind1=" " ind2="0">
      <subfield code="a">Libellus vere christiana lectione dignus diversas res Turcharum *</subfield>
      <subfield code="f">1552</subfield>
    </datafield>
    <datafield tag="672" ind1=" " ind2="0">
      <subfield code="a">De Turcarum moribus epitome</subfield>
      <subfield code="f">1553</subfield>
    </datafield>
    <datafield tag="672" ind1=" " ind2="0">
      <subfield code="a">Voiage de la saincte cite de Jerusalem ...</subfield>
      <subfield code="f">1600</subfield>
    </datafield>
    <datafield tag="672" ind1=" " ind2="0">
      <subfield code="a">De Turcarum moribus epitome</subfield>
      <subfield code="f">1560</subfield>
    </datafield>
    <datafield tag="672" ind1=" " ind2="0">
      <subfield code="a">Türkey, oder von yetziger Türken Kirchengepräng, Sytten und leben</subfield>
      <subfield code="f">1545</subfield>
    </datafield>
    <datafield tag="672" ind1=" " ind2="0">
      <subfield code="a">Libellus vere Christiana lectione dignus res Turcharum brevi trad*</subfield>
      <subfield code="f">1552</subfield>
    </datafield>
    <datafield tag="672" ind1=" " ind2="0">
      <subfield code="a">De Turcarum moribus epitome</subfield>
      <subfield code="f">1558</subfield>
    </datafield>
    <datafield tag="672" ind1=" " ind2="0">
      <subfield code="a">De ritu deque cerimoniis domi militiaeque ab ea gente usurpatis. 1562. (VD16 D 3033)</subfield>
    </datafield>
    <datafield tag="672" ind1=" " ind2="0">
      <subfield code="a">Mysterium sanctissimae trinitatis ... pro fide christiana cum Turca disputationis habitae ... brevis descriptio. 1558. (VD16 D 3017)</subfield>
    </datafield>
    <datafield tag="672" ind1=" " ind2="0">
      <subfield code="a">Diaz Tanco, Vasco: De afflictione tam captivorum quam etiam sub Turcae tributo viventium Christianorum. 1563. (VD16 D 1383)</subfield>
    </datafield>
    <datafield tag="672" ind1=" " ind2="0">
      <subfield code="a">Erzelung der Tuerckischen Keiser Namen Empter Leben Sitten vnd Tyranney in jrem ... 1560. (VD16 D 3034)</subfield>
    </datafield>
    <datafield tag="672" ind1=" " ind2="0">
      <subfield code="a">Haec nova, fert Affrica. Mysterium sanctissimae Trinitatis. Arabicé. Pro fide Christiana cum ... 1548. (VD16 D 3029)</subfield>
    </datafield>
    <datafield tag="672" ind1=" " ind2="0">
      <subfield code="a">Geuffroy, Antoine: Ad Italos de periculis imminentibus oratio. 1577. (VD16 G 1914)</subfield>
    </datafield>
    <datafield tag="672" ind1=" " ind2="0">
      <subfield code="a">De afflictione tam captivorum quam etiam sub Turcae tributo viventium Christianorum ... 1584. (VD16 ZV 4808)</subfield>
    </datafield>
    <datafield tag="672" ind1=" " ind2="0">
      <subfield code="a">Diaz Tanco, Vasco: De afflictione tam captivorum quam etiam sub Turcae tributo viventium Christianorum. 1577. (VD16 D 1389)</subfield>
    </datafield>
    <datafield tag="672" ind1=" " ind2="0">
      <subfield code="a">Prognoma sive Praesagium Mehemetanorum, primum de Christianorum calamitatibus, Deinde de ... 1547. (VD16 D 3035)</subfield>
    </datafield>
    <datafield tag="672" ind1=" " ind2="0">
      <subfield code="a">De ritu deque cerimoniis domi, militiaeque ab ea gente usurpatis. 1545. (VD16 D 3015)</subfield>
    </datafield>
    <datafield tag="678" ind1=" " ind2=" ">
      <subfield code="b">Kroat. Orientalist</subfield>
    </datafield>
    <datafield tag="678" ind1=" " ind2=" ">
      <subfield code="b">Orientalist</subfield>
    </datafield>
    <datafield tag="913" ind1=" " ind2=" ">
      <subfield code="S">pnd</subfield>
      <subfield code="i">a</subfield>
      <subfield code="a">Georgijević, Bartolomej</subfield>
      <subfield code="0">(DE-588a)118975560</subfield>
    </datafield>
  </record>
